%%En su mayoría son ejemplos de referencias
@article{einstein,
    author = "Albert Einstein",
    title = "{Zur Elektrodynamik bewegter K{\"o}rper}. ({German})
    [{On} the electrodynamics of moving bodies]",
    journal = "Annalen der Physik",
    volume = "322",
    number = "10",
    pages = "891--921",
    year = "1905",
    DOI = "http://dx.doi.org/10.1002/andp.19053221004",
    keywords = "physics"
}

@book{dirac,
    title = {The Principles of Quantum Mechanics},
    author = {Paul Adrien Maurice Dirac},
    isbn = {9780198520115},
    series = {International series of monographs on physics},
    year = {1981},
    publisher = {Clarendon Press},
    keywords = {physics}
}
@book{zamora,
    title = {Informática y Ciencias de la producción},
    author = {ZAMORA},
    isbn = {9586772799},
    series = {enciclopedia Autodidacta ZAMORA},
    year = {2004},
    publisher = {ZAMORA EDITORIALES LTDA},
    keywords = {Tecnología, Informática, Industria}
}

@online{YouBioit,
    author = "YouBioit",
    title = "YouBioit: Como funciona la memoria de una computadora",
    url  = "https://www.youbioit.com/es/article/shared-information/8714/como-funciona-la-memoria-de-una-computadora",
    addendum = "(accessed: 06.09.2020)",
    keywords = "Contenido,Informática"
}

@inbook{knuth-fa,
    author = "Donald E. Knuth",
    title = "Fundamental Algorithms",
    publisher = "Addison-Wesley",
    year = "1973",
    chapter = "1.2",
    keywords  = "knuth,programming"
}